% ------------------------------------------------------------------------
%                             Bibliografía
% ------------------------------------------------------------------------
@misc{ wiki1,
       author = "Wikipedia",
       title = "Sistema embebido --- Wikipedia{,} La enciclopedia libre",
       year = "2014",
       url = "\url{http://es.wikipedia.org/w/index.php?title=Sistema_embebido&oldid=73374821}",
}

@misc{ wiki2,
       author = "Wikipedia",
       title = "Reconocimiento automático de matrículas --- Wikipedia{,} La enciclopedia libre",
       year = "2013",
       url = "\url{http://es.wikipedia.org/w/index.php?title=Reconocimiento_autom%C3%A1tico_de_matr%C3%ADculas&oldid=70028810}",
       note = "[Internet; descargado 4-mayo-2014]"
}

@misc{ matlabLAB,
       author = "Mathworks",
       title = "Color-Based Segmentation Using the L*a*b* Color Space ",
       url = "\url{http://www.mathworks.es/es/help/images/examples/color-based-segmentation-using-the-l-a-b-color-space.html}",
       note = "[Internet; descargado 5-junio-2014]"
}


@Misc{boe,
title = {Boletín Oficial del Estado núm 223},
year = {2000},
key = {31874},
month= {Septiembre},

}

@ARTICLE{IEEEtrans,
  AUTHOR       = {Shan Du, Mahmoud Ibrahim, Mohamed Shehata and Wael Badawy},
  TITLE        = {Automatic License Plate Recognition (ALPR): A State-of-the-Art Review},
  JOURNAL      = {IEEE Transactions on Circuits and Systems for Video Technology},
  volume       = 23,
  number       = 2,
  pages        = {311-325},
  month        = Febrero,
  YEAR         = 2012}
  

@INPROCEEDINGS{IEEEedge, 
author={Al-Ghaili, A.M. and Mashohor, S. and Ismail, A. and Ramli, A.R.}, 
booktitle={Computer Engineering Systems, 2008. ICCES 2008. International Conference on}, 
title={A new vertical edge detection algorithm and its application}, 
year={2008}, 
month={Noviembre}, 
pages={204-209}, 
keywords={edge detection;object detection;object recognition;CLPDRS;Sobel operator;adaptive threshold;car license plate detection systems;car license plate recognition systems;gray image;image processing applications;unwanted lines elimination algorithm;vertical edge detection algorithm;Application software;Data mining;Displays;Feature extraction;Image edge detection;Image processing;Image recognition;Licenses;Robustness;Systems engineering and theory}, 
doi={10.1109/ICCES.2008.4772997},}


@Book{ImgProcess,
  Author    = {Rafael C. Gonzalez and Richard E. Woods},
  Title     = {Digital Image Processing - Second Edition},
  Publisher = {Prentice Hall},
  address   = {Upper Saddle River, New Jersey},
  ISBN         = {0-13-094650-8},
  Year      = 2001}
  
  @Book{ImgProcessMat,
  Author    = {Rafael C. Gonzalez, Richard E. Woods and Steven L. Eddins},
  Title     = {Digital Image Processing Using MATLAB},
  Publisher = {Prentice Hall},
  address   = {Upper Saddle River, New Jersey},
  ISBN         = {0-13-008519-7},
  Year      = 2004}