% ------------------------------------------------------------------------
% Plantilla Latex para PFC
% Autor: José Antonio Cortés Arrabal
% Fecha: 19 de julio de 2013
% Versión: 1
% ------------------------------------------------------------------------
%											LISTA DE REFERENCIAS
% ------------------------------------------------------------------------
% Aquí se deben introducir todos los elementos que luego sean referenciados. 

@misc{ wiki1,
       author = "Wikipedia",
       title = "Sistema embebido --- Wikipedia{,} La enciclopedia libre",
       year = "2014",
       url = "\url{http://es.wikipedia.org/w/index.php?title=Sistema_embebido&oldid=73374821}",
       note = "[Internet; descargado 4-mayo-2014]"
}

%Ejemplo de artúculo en congreso
@INPROCEEDINGS{Afkhamie05,
  author    = {K. H. Afkhamie and H. Latchman and L. Yonge and T. Davidson and R. E. Newman},
  title     = {Joint optimization of transmit pulse shaping, guard interval length, and receiver side narrow-band interference mitigation in the {HomePlugAV OFDM} system},
  booktitle = {Proc. IEEE Intl. Workshop Signal Process. Adv. Wireless Commun.},
  address   = {New York City, NY},
  pages     = {996-1000},
  month     = jun # { 5--8,},
  year      = 2005}

%Ejemplo de artúculo en revista
@ARTICLE{Amirshahi06,
  AUTHOR       = {P. Amirshahi and M. Kavehrad},
  TITLE        = {High-Frequency Characteristics of Overhead Multiconductor Power Line for Broadband Communications},
  JOURNAL      = {Journal on Selected Areas in Communications},
  volume       = 24,
  number       = 7,
  pages        = {1292-1303},
  month        = jul,
  YEAR         = 2006}
  
%Ejemplo de estándar
@techreport{Cenelec91,
  title       = {Signalling on Low Voltage Electrical Installations in the Frequency Range 3~k{H}z to 148.5~k{H}z},
  institution = {European Committee for Electrotechnical Standardization (CENELEC)},
  type        = {Standard},
  number      = {EN 50065-1},
  address     = {Brussels, Belgium},
  year        = 1991}
  
%Ejemplo de libro
@Book{Cover,
  Author    = {T. M. Cover and J. A. Thomas},
  Title     = {Elements of Information Theory - Second Edition},
  Publisher = {Wiley},
  address   = {Hoboken, NJ},
  ISBN         = {13 978-0-471-24195-9},
  Year      = 2006}
  